<?xml version="1.0" encoding="UTF-8"?><collection xmlns="http://www.loc.gov/MARC21/slim"><record><leader>00504nam--2200145-i-4500</leader><controlfield tag="001">000012859</controlfield><controlfield tag="002">20161230</controlfield><controlfield tag="005">20161230201030</controlfield><controlfield tag="008">060222s1000------------r-----000-0-eng-d</controlfield><datafield ind1=" " ind2=" " tag="080"><subfield code="a">536.531.19</subfield></datafield><datafield ind1=" " ind2=" " tag="100"><subfield code="a">Brush, Stephen G</subfield></datafield><datafield ind1=" " ind2=" " tag="245"><subfield code="a">The kind of mition we call heat.a history of the kinetic theory gases in the 19th century. book-1:physics and the atomists</subfield></datafield><datafield ind1=" " ind2=" " tag="260"><subfield code="a">Amsterdam, North-holland Publishing Company, 1976. /Dif/+769p</subfield></datafield><datafield ind1=" " ind2=" " tag="490"><subfield code="a">Studies In Statistical Mechanics.Vol.Vi</subfield></datafield><datafield ind1=" " ind2=" " tag="852"><subfield code="a">17573</subfield></datafield></record></collection>